
%%% GPU cites


@Misc{bib_nvidia,
  author = {{NVidia Corporation}},
 url = {http://www.nvidia.com}
}

%% NSS 2012
@INPROCEEDINGS{NSS2012, 
author={Amerio, S. and Ammendola, R. and Biagioni, A. and Bastieri, D. and
Benjamin, D. and Frezza, O. and Gelain, S. and Ketchum, W. and Kim, Y.K. and
Cicero, F.L. and Lonardo, A. and Liu, T. and Lucchesi, D. and Paolucci, P.S.
and Poprocki, S. and Rossetti, D. and Simula, F. and Tosoratto, L. and Urso,
G. and Vicini, P. and Wittich, P.}, 
booktitle={Nuclear Science Symposium and Medical Imaging Conference (NSS/MIC),
2012 IEEE}, 
title={Applications of {GPUs} to online track reconstruction in {HEP} experiments}, 
year=2012, 
pages=1806, 
keywords={graphics processing units;high energy physics instrumentation
computing;multi-threading;multiprocessing systems;parallel
architectures;particle tracks;real-time systems;GPU application;HEP
experiments;HEP fast tracking trigger algorithms;I/O technologies;data
transfer;graphics processing units;hadron colliders;hardware;latency
applications;multithreaded architecture;offline analysis;online track
reconstruction;parallel architecture;real-time applications}, 
doi={10.1109/NSSMIC.2012.6551422}, 
}


@article{TIPP2011,
title = "Performance Study of \{GPUs\} in Real-Time Trigger Applications for \{HEP\} Experiments ",
journal = "Physics Procedia ",
volume = 37,
number = 0,
pages = "1965 - 1972",
year = 2012,
note = "Proceedings of the 2nd International Conference on Technology and Instrumentation in Particle Physics (TIPP 2011)",
issn = "1875-3892",
doi = "10.1016/j.phpro.2012.04.108",
url = "http://www.sciencedirect.com/science/article/pii/S1875389212019207",
author = "W. Ketchum and S. Amerio and D. Bastieri and M. Bauce and P. Catastini and S. Gelain and K. Hahn and Y.K. Kim and T. Liu and D. Lucchesi and G. Urso",
keywords = "\{HEP\} Trigger",
keywords = "\{GPU\}",
keywords = "\{CPU\}",
keywords = "Fast track-fitting",
keywords = "Tracking trigger "
}




number = "1â€“2",

@InProceedings{SVT1,
title = "The \{CDF\} Silicon Vertex Trigger ",
journal = "Nuc.~Instr.~Meth. A",
volume = 518,
pages = 532,
year = 2004,
Booktitle = "Frontier Detectors for Frontier Physics: Proceedings",
doi = "10.1016/j.nima.2003.11.078",
url = "http://www.sciencedirect.com/science/article/pii/S0168900203029450",
author = "William.~A. Ashmanskas and A. Barchiesi and A. Bardi and M. Bari and M. Baumgart and S. Belforte and J. Berryhill and M. Bogdan and R. Carosi and A. Cerri and G. Chlachidze and R. Culbertson and M. Dell'Orso and S. Donati and I. Fiori and H. Frisch and S. Galeotti and P. Giannetti and V. Glagolev and A. Leger and Y. Liu and T. Maruyama and E. Meschi and L. Moneta and F. Morsani and T. Nakaya and G. Punzi and M. Rescigno and L. Ristori and H. Sanders and S. Sarkar and A. Semenov and M. Shochet and T. Speer and F. Spinella and H. Vataga and X. Wu and U.K. Yang and L. Zanello and A.M. Zanetti",
keywords = "Trigger",
keywords = "Data acquisition",
keywords = "Real time pattern recognition",
keywords = "Tracking",
keywords = "Position-sensitive detectors "
}

