
%%% GPU cites

@Misc{bib_mvapich,
  author = {{MVAPICH group}},
  url={http://www.hpcadvisorycouncil.com/events/2013/European-Workshop/presentations/9_OSU.pdf},
  note="See e.g. page 47ff."
}


@Misc{bib_gpu,
  author = {{NVidia Corporation}},
 url = {http://www.nvidia.com/object/gpu.html}
}



@Misc{bib_intelMIC,
  author = {{Intel Corporation}},
 url = {http://tinyurl.com/dxhjs3g}
}

@Misc{bib_nvidia,
  author = {{NVidia Corporation}},
 url = {http://www.nvidia.com}
}



@Misc{bib_GPUDirect,
  author = {{NVidia Corporation}},
 url = {https://developer.nvidia.com/gpudirect}
}
@Misc{bib_cuda,
  author = {{NVidia Corporation}},
 url = {http://www.nvidia.com/object/cuda_home_new.html}
}

@Misc{bib_thrust,
  author = {{Bell, N. and Hoberock, J.}},
  url = {http://thrust.github.io}
}

@Misc{bib_opencl,
  author = {{Khronos Group}},
 url = {http://www.khronos.org/opencl/}
}



%% NSS 2012
@INPROCEEDINGS{NSS2012, 
author={Amerio, S. and Ammendola, R. and Biagioni, A. and Bastieri, D. and
Benjamin, D. and Frezza, O. and Gelain, S. and Ketchum, W. and Kim, Y.K. and
Cicero, F.L. and Lonardo, A. and Liu, T. and Lucchesi, D. and Paolucci, P.S.
and Poprocki, S. and Rossetti, D. and Simula, F. and Tosoratto, L. and Urso,
G. and Vicini, P. and Wittich, P.}, 
booktitle={Nuclear Science Symposium and Medical Imaging Conference (NSS/MIC),
2012 IEEE}, 
title={Applications of {GPUs} to online track reconstruction in {HEP} experiments}, 
year=2012, 
pages=1806, 
keywords={graphics processing units;high energy physics instrumentation
computing;multi-threading;multiprocessing systems;parallel
architectures;particle tracks;real-time systems;GPU application;HEP
experiments;HEP fast tracking trigger algorithms;I/O technologies;data
transfer;graphics processing units;hadron colliders;hardware;latency
applications;multithreaded architecture;offline analysis;online track
reconstruction;parallel architecture;real-time applications}, 
doi={10.1109/NSSMIC.2012.6551422}, 
url = "http://dx.doi.org/10.1109/NSSMIC.2012.6551422",
}


@InProceedings{TIPP2011,
title = "Performance Study of \{GPUs\} in Real-Time Trigger Applications for \{HEP\} Experiments ",
journal = "Physics Procedia ",
volume = 37,
pages = 1965,
year = 2012,
booktitle = "Proceedings of the 2nd International Conference on Technology and Instrumentation in Particle Physics (TIPP 2011)",
doi = "10.1016/j.phpro.2012.04.108",
url = "http://www.sciencedirect.com/science/article/pii/S1875389212019207",
author = "W. Ketchum and S. Amerio and D. Bastieri and M. Bauce and P. Catastini and S. Gelain and K. Hahn and Y.K. Kim and T. Liu and D. Lucchesi and G. Urso",
keywords = "\{HEP\} Trigger",
keywords = "\{GPU\}",
keywords = "\{CPU\}",
keywords = "Fast track-fitting",
keywords = "Tracking trigger "
}




number = "1–2",

@InProceedings{SVT1,
title = "The \{CDF\} Silicon Vertex Trigger ",
journal = "Nuc.~Instr.~Meth. A",
volume = 518,
pages = 532,
year = 2004,
Booktitle = "Frontier Detectors for Frontier Physics: Proceedings",
doi = "10.1016/j.nima.2003.11.078",
url = "http://www.sciencedirect.com/science/article/pii/S0168900203029450",
author = "William.~A. Ashmanskas and A. Barchiesi and A. Bardi and M. Bari and M. Baumgart and S. Belforte and J. Berryhill and M. Bogdan and R. Carosi and A. Cerri and G. Chlachidze and R. Culbertson and M. Dell'Orso and S. Donati and I. Fiori and H. Frisch and S. Galeotti and P. Giannetti and V. Glagolev and A. Leger and Y. Liu and T. Maruyama and E. Meschi and L. Moneta and F. Morsani and T. Nakaya and G. Punzi and M. Rescigno and L. Ristori and H. Sanders and S. Sarkar and A. Semenov and M. Shochet and T. Speer and F. Spinella and H. Vataga and X. Wu and U.K. Yang and L. Zanello and A.M. Zanetti",
keywords = "Trigger",
keywords = "Data acquisition",
keywords = "Real time pattern recognition",
keywords = "Tracking",
keywords = "Position-sensitive detectors "
}

@article{SVT2,
title = "The Silicon Vertex Trigger upgrade at \{CDF\} ",
journal = "Nuclear Instruments and Methods in Physics Research Section A: Accelerators, Spectrometers, Detectors and Associated Equipment ",
volume = 572,
number = 1,
pages = 361,
year = 2007,
note = "Frontier Detectors for Frontier Physics: Proceedings of the 10th Pisa Meeting on Advanced Detectors",
issn = "0168-9002",
doi = "http://dx.doi.org/10.1016/j.nima.2006.10.383",
url = "http://www.sciencedirect.com/science/article/pii/S0168900206021498",
author = "J. Adelman and A. Annovi and M. Aoki and A. Bardi and M. Bari and J. Bellinger and M. Bitossi and M. Bogdan and R. Carosi and P. Catastini and A. Cerri and S. Chappa and M. Dell’Orso and B. Di Ruzza and Ivan K. Furić and P. Gianetti and P. Giovacchini and T.H. Liu and T. Maruyama and I. Pedron and M. Piendibene and M. Pitkanen and B. Riesert and M. Rescigno and L. Ristori and H. Sanders and L. Sartori and M. Shochet and B. Simoni and F. Spinella and S. Torre and R. Tripiccione and F. Tang and U.K. Yang and A.M. Zanetti",
keywords = "Vertexing",
keywords = "Trigger",
keywords = "Online tracking",
keywords = "Data acquisition",
keywords = "Real-time pattern recognition",
keywords = "Position-sensitive detectors "
}

@article{SVT3,
  author={S Amerio and A Annovi and M Bettini and M Bucciantonio and P Catastini and F Crescioli and M Dell'Orso and P Giannetti and D Lucchesi and M Nicoletto and M Piendibene and G Volpi},
  title={The GigaFitter: Performance at {CDF} and Perspectives for Future Applications},
  journal={Journal of Physics: Conference Series},
  volume=219,
  number=2,
  pages=022001,
  url={http://stacks.iop.org/1742-6596/219/i=2/a=022001},
  year=2010,
}
	

@article{apenet2010,
author="R. Ammendola and A. Biagioni and O. Frezza and F. Lo Cicero and A. Lonardo and P.S. Paolucci and R. Petronzio and D. Rossetti and A. Salamon and G. Salina and F. Simula and N. Tantalo and L. Tosoratto and P. Vicini",
title={apeNET+: a 3D toroidal network enabling petaFLOPS scale Lattice QCD simulations on commodity clusters },
journal = {PoS(Lattice 2012)},
pages=022,
year=2010,
url="http://pos.sissa.it/archive/conferences/139/045/Lattice\%202011_045.pdf"
}
